<?xml version="1.0" encoding="UTF-8" ?><marc:collection xmlns:marc="http://www.loc.gov/MARC21/slim" xmlns:xsi="http://www.w3.org/2001/XMLSchema-instance" xsi:schemaLocation="http://www.loc.gov/MARC21/slim http://www.loc.gov/standards/marcxml/schema/MARC21slim.xsd">
<marc:record><marc:leader>04066nam a2200421 a 4500</marc:leader>
<marc:controlfield tag="001">6640</marc:controlfield>
<marc:controlfield tag="003">aeadna</marc:controlfield><marc:controlfield tag="005">20100426140900.0</marc:controlfield><marc:controlfield tag="006">a      000 0      </marc:controlfield><marc:controlfield tag="008">230811s1897||||ua    |e     a00| 0|ara|d</marc:controlfield><marc:datafield tag="035" ind1=" " ind2=" "><marc:subfield code="a">(Sirsi) 6640</marc:subfield></marc:datafield><marc:datafield tag="040" ind1=" " ind2=" "><marc:subfield code="a">nal</marc:subfield><marc:subfield code="b">ara</marc:subfield><marc:subfield code="e">AACR2</marc:subfield></marc:datafield><marc:datafield tag="041" ind1="0" ind2=" "><marc:subfield code="a">ara+</marc:subfield></marc:datafield><marc:datafield tag="043" ind1=" " ind2=" "><marc:subfield code="a">aw-----</marc:subfield><marc:subfield code="a"> ff-----</marc:subfield><marc:subfield code="a">  f-ua---</marc:subfield></marc:datafield><marc:datafield tag="050" ind1=" " ind2="4"><marc:subfield code="a">DS62.5</marc:subfield><marc:subfield code="b">.S27 1897</marc:subfield></marc:datafield><marc:datafield tag="082" ind1="1" ind2="4"><marc:subfield code="a">956</marc:subfield><marc:subfield code="b">21</marc:subfield></marc:datafield><marc:datafield tag="100" ind1="1" ind2=" "><marc:subfield code="a">سرهنك، إسماعيل.</marc:subfield></marc:datafield><marc:datafield tag="245" ind1="1" ind2="0"><marc:subfield code="a">حقائق الأخبار عن دول البحار /</marc:subfield><marc:subfield code="c">تأليف إسمعيل بك سرهانك؛ [صححه محمد صادق الحسيني، ومحمود مصطفى]</marc:subfield></marc:datafield><marc:datafield tag="250" ind1=" " ind2=" "><marc:subfield code="a">ط.1</marc:subfield></marc:datafield><marc:datafield tag="260" ind1=" " ind2=" "><marc:subfield code="a">القاهرة :</marc:subfield><marc:subfield code="b">دار الطباعة البهية ،</marc:subfield><marc:subfield code="c">1314هـ. [1897]</marc:subfield></marc:datafield><marc:datafield tag="300" ind1=" " ind2=" "><marc:subfield code="a">ج. ؛</marc:subfield><marc:subfield code="c">25 سم.</marc:subfield></marc:datafield><marc:datafield tag="500" ind1=" " ind2=" "><marc:subfield code="a">حقائق الأخبار عن دول البحار هو كتاب مدرسي شامل مؤلف من ثلاثة مجلدات يتناول تاريخ القوى البحرية في أوروبا والشرق الأوسط بداية من العصور القديمة وحتى أواخر القرن التاسع عشر. كتب العمل الأميرلاي إسماعيل سرهنك (المعروف كذلك باسم سرهنغ) وكان يستهدف به في الأساس طلاب الأكاديمية العسكرية المصرية في 1896-1898</marc:subfield></marc:datafield><marc:datafield tag="500" ind1=" " ind2=" "><marc:subfield code="a">ورق الكتاب أصفر وحالته جيدة. صفحة عنوان الجزء الثاني تحتاج صيانة(ممزقة)</marc:subfield></marc:datafield><marc:datafield tag="500" ind1=" " ind2=" "><marc:subfield code="a">عنوان الكتاب في  الجزء الثاني  باللون الأحمر</marc:subfield></marc:datafield><marc:datafield tag="500" ind1=" " ind2=" "><marc:subfield code="a">عدد صفحات الجزء الأول: 772صفحة. وعدد صفحات الجزء الثاني: 584 صفحة.584 صفحة</marc:subfield></marc:datafield><marc:datafield tag="500" ind1=" " ind2=" "><marc:subfield code="a">فهرست الجزء  الأول يبدأ ب ص2-10. ثم يليها صفحات  الجزء. فهرست الجزء الثاني يبدأ بصفحة 2-8.</marc:subfield></marc:datafield><marc:datafield tag="500" ind1=" " ind2=" "><marc:subfield code="a">ورق الكتاب أصفر, حالته جيدة</marc:subfield></marc:datafield><marc:datafield tag="520" ind1="1" ind2=" "><marc:subfield code="a">يحتوي   على تفاصيل مهمة حول القوى العسكرية العثمانية والمصرية، وهي مادة مهمة في التأريخ لنموّ وتدهور القوة العسكرية العثمانية وتطور القوات المسلحة المصرية خلال القرن التاسع عشر. وبالرغم من عدم وجود قائمة بالمراجع أو ذكر للمصادر، إلا أنه يتضح من النص والتذييلات أن سرهنك أُتيحت له وثائق في القصر المصري ومكتبة زاخرة بالتاريخ العسكري والسياسي العثماني والأوروبي. كان الأميرلاي (أحياناً يُلقب بالجنرال) سرهنك ناظر الأكاديمية العسكرية المصرية. وكان والده هاجر من كريت إلى مصر. لا يُعرف شيء عن التعليم الذي تلقاه المؤلف في القاهرة، سوى أنه كان يُجيد ست لغات أوروبية. طُبعت جميع المجلدات الثلاثة في مطبعة بولاق، التي كانت دار النشر الحكومية في القاهرة. ويبدو أن الفصول النهائية من المجلد الثالث لم تُنشر مطلقاً.</marc:subfield></marc:datafield><marc:datafield tag="651" ind1=" " ind2="4"><marc:subfield code="a">إفريقيا الشمالية</marc:subfield><marc:subfield code="x">التاريخ البحري</marc:subfield></marc:datafield><marc:datafield tag="651" ind1=" " ind2="4"><marc:subfield code="a">الشرق الأوسط</marc:subfield><marc:subfield code="x">التاريخ البحري</marc:subfield></marc:datafield><marc:datafield tag="541" ind1=" " ind2=" "><marc:subfield code="a">الكتاب هيدة سمو الشيخ فالح بن ناصر آل ثاني إلى مكتبة مركز الوثائق والدراسات أبو ظبي</marc:subfield></marc:datafield><marc:datafield tag="650" ind1=" " ind2="4"><marc:subfield code="a">الملاحة</marc:subfield><marc:subfield code="x">تاريخ</marc:subfield><marc:subfield code="z">العالم العربي</marc:subfield></marc:datafield><marc:datafield tag="651" ind1=" " ind2="4"><marc:subfield code="a">مصر</marc:subfield><marc:subfield code="x">تاريخ</marc:subfield></marc:datafield><marc:datafield tag="700" ind1="1" ind2=" "><marc:subfield code="a">الحسيني، محمد صادق</marc:subfield><marc:subfield code="e">مصحح</marc:subfield></marc:datafield><marc:datafield tag="700" ind1="1" ind2=" "><marc:subfield code="a">مصطفى، محمود</marc:subfield><marc:subfield code="e">مصحح</marc:subfield></marc:datafield><marc:datafield tag="710" ind1=" " ind2=" "><marc:subfield code="a"></marc:subfield></marc:datafield><marc:datafield tag="949" ind1=" " ind2=" "><marc:subfield code="a">956 س ر ح  DE </marc:subfield><marc:subfield code="v">1</marc:subfield><marc:subfield code="w">DDC</marc:subfield><marc:subfield code="i">30018000000678</marc:subfield><marc:subfield code="u">06/23/2003</marc:subfield><marc:subfield code="d">04/26/2010</marc:subfield><marc:subfield code="n">0</marc:subfield><marc:subfield code="t">Book</marc:subfield><marc:subfield code="l">av</marc:subfield><marc:subfield code="m">MAIN</marc:subfield><marc:subfield code="x">RAR</marc:subfield></marc:datafield><marc:datafield tag="949" ind1=" " ind2=" "><marc:subfield code="a">956 س ر ح  DE </marc:subfield><marc:subfield code="v">2</marc:subfield><marc:subfield code="w">DDC</marc:subfield><marc:subfield code="i">30018000000676</marc:subfield><marc:subfield code="u">06/23/2003</marc:subfield><marc:subfield code="d">04/26/2010</marc:subfield><marc:subfield code="n">0</marc:subfield><marc:subfield code="t">Book</marc:subfield><marc:subfield code="l">av</marc:subfield><marc:subfield code="m">MAIN</marc:subfield><marc:subfield code="x">RAR</marc:subfield></marc:datafield></marc:record>
</marc:collection>
